@book{morse1968theoretical,
  title={Theoretical Acoustics},
  author={Morse, Philip McCord and Ingard, K Uno},
  year={1968},
  publisher={Princeton university press}
}

@book{bai2013acoustic,
  title={Acoustic Array Systems: Theory, Implementation, and Application},
  author={Bai, Mingsian R and Ih, Jeong-Guon and Benesty, Jacob},
  year={2013},
  publisher={John Wiley \& Sons}
  note={Appendix}
}

@book{williams1999fourier,
  title={Fourier acoustics: sound radiation and nearfield acoustical holography},
  author={Williams, Earl G},
  year={1999},
  publisher={Academic press}
}

@article{schenck1968improved,
  title={Improved integral formulation for acoustic radiation problems},
  author={Schenck, Harry A},
  journal={The journal of the acoustical society of America},
  volume={44},
  number={1},
  pages={41--58},
  year={1968},
  publisher={ASA}
}
